@article{2017Salient,
  title={Salient Object Detection via Structured Matrix Decomposition},
  author={ Peng, Houwen  and  Li, Bing  and  Ling, Haibin  and  Hu, Weiming  and  Xiong, Weihua  and  Maybank, Stephen J. },
  journal={IEEE Transactions on Pattern Analysis & Machine Intelligence},
  volume={39},
  number={4},
  pages={818-832},
  year={2017},
}

@article{2011Graph,
  title={Graph regularized non-negative matrix factorization for data representation},
  author={ Cai, Deng  and  He, Xiaofei  and  Han, Jiawei  and  Huang, Thomas S },
  journal={IEEE Transactions on Pattern Analysis and Machine Intelligence},
  volume={33},
  number={8},
  pages={1548-1560},
  year={2011},
}

